<record><leader>00000cas a2200000 a 4500</leader><controlfield tag="001">30384001</controlfield><controlfield tag="008">940411d195519uucauwr ne      0    0eng c</controlfield><datafield ind1=" " ind2=" " tag="010"><subfield code="a">sn2006060185</subfield></datafield><datafield ind1=" " ind2=" " tag="040"><subfield code="a">CUY</subfield><subfield code="b">eng</subfield><subfield code="c">CUY</subfield><subfield code="d">OCL</subfield><subfield code="d">CNK</subfield><subfield code="d">OCLCQ</subfield><subfield code="d">OCLCO</subfield></datafield><datafield ind1="1" ind2=" " tag="029"><subfield code="a">AU@</subfield><subfield code="b">000040339725</subfield></datafield><datafield ind1=" " ind2=" " tag="042"><subfield code="a">pcc</subfield></datafield><datafield ind1=" " ind2=" " tag="043"><subfield code="a">n-us-ca</subfield></datafield><datafield ind1="0" ind2="0" tag="245"><subfield code="a">Monterey Bay labor news.</subfield></datafield><datafield ind1=" " ind2=" " tag="260"><subfield code="a">Oakland, Calif. :</subfield><subfield code="b">Olympic Press</subfield></datafield><datafield ind1=" " ind2=" " tag="300"><subfield code="a">v. :</subfield><subfield code="b">ill. ;</subfield><subfield code="c">45 cm.</subfield></datafield><datafield ind1=" " ind2=" " tag="310"><subfield code="a">Weekly</subfield></datafield><datafield ind1="0" ind2=" " tag="362"><subfield code="a">17th year, no. 20 (Jan. 7, 1955)-</subfield></datafield><datafield ind1=" " ind2=" " tag="500"><subfield code="a">"Covering the counties of Monterey, Santa Cruz and San Benito."</subfield></datafield><datafield ind1=" " ind2=" " tag="500"><subfield code="a">Publication moved to San Jose, Calif., June 24-Sept. 9, 1955; moved back to Oakland Calif., Sept. 16, 1955-&lt;Dec. 14, 1972&gt;.</subfield></datafield><datafield ind1=" " ind2=" " tag="515"><subfield code="a">17th year, no. 20-&lt;34th year, no. 12&gt; also called whole no. 846-&lt;1400&gt;.</subfield></datafield><datafield ind1=" " ind2=" " tag="550"><subfield code="a">Official organ of the Central Labor Union of Monterey County, Monterey Peninsula Central Labor Council, Monterey Building Trades Council, Santa Cruz County Building Trades Council, Santa Cruz Labor Council, Watsonville Central Labor Council.</subfield></datafield><datafield ind1=" " ind2="0" tag="650"><subfield code="a">Labor unions</subfield><subfield code="z">California</subfield><subfield code="v">Newspapers.</subfield></datafield><datafield ind1=" " ind2="0" tag="651"><subfield code="a">Monterey</subfield><subfield code="v">Newspapers.</subfield></datafield><datafield ind1=" " ind2="0" tag="651"><subfield code="a">Salinas</subfield><subfield code="v">Newspapers.</subfield></datafield><datafield ind1=" " ind2="0" tag="651"><subfield code="a">Santa Cruz</subfield><subfield code="v">Newspapers.</subfield></datafield><datafield ind1=" " ind2="0" tag="651"><subfield code="a">Watsonville</subfield><subfield code="v">Newspapers.</subfield></datafield><datafield ind1="2" ind2=" " tag="710"><subfield code="a">Central Labor Union of Monterey County.</subfield></datafield><datafield ind1="2" ind2=" " tag="710"><subfield code="a">Monterey Peninsula Central Labor Council.</subfield></datafield><datafield ind1="2" ind2=" " tag="710"><subfield code="a">Monterey Building Trades Council.</subfield></datafield><datafield ind1="2" ind2=" " tag="710"><subfield code="a">Santa Cruz County Building Trades Council.</subfield></datafield><datafield ind1="2" ind2=" " tag="710"><subfield code="a">Santa Cruz Labor Council.</subfield></datafield><datafield ind1="2" ind2=" " tag="710"><subfield code="a">Watsonville Central Labor Council.</subfield></datafield><datafield ind1="2" ind2=" " tag="710"><subfield code="a">Labor union collection.</subfield><subfield code="5">CU</subfield></datafield><datafield ind1=" " ind2=" " tag="752"><subfield code="a">United States</subfield><subfield code="b">California</subfield><subfield code="c">Alameda</subfield><subfield code="d">Oakland.</subfield></datafield><datafield ind1=" " ind2=" " tag="752"><subfield code="a">United States</subfield><subfield code="b">California</subfield><subfield code="c">San Mateo</subfield><subfield code="d">San Jose.</subfield></datafield><datafield ind1="0" ind2="4" tag="780"><subfield code="t">Santa Cruz County labor journal</subfield><subfield code="w">(DLC)sn2006060184</subfield></datafield><datafield ind1="0" ind2="4" tag="780"><subfield code="t">Monterey County labor news</subfield><subfield code="w">(DLC)sn2006060180</subfield></datafield></record>